@book{IPCC2014,
abstract = {El presente Informe de s{\'{i}}ntesis est{\'{a}} basado en la evaluaci{\'{o}}n realizada por los tres Grupos de trabajo del IPCC. Ofrece una panor{\'{a}}mica integrada del cambio clim{\'{a}}tico, y constituye la parte fi nal del Cuarto Informe de Evaluaci{\'{o}}n (CIE) del IPCC. Los temas examinados en el presente resumen se exponen m{\'{a}}s detalladamente en este Informe de s{\'{i}}ntesis y en los informes de base de los tres Grupos de trabajo.},
archivePrefix = {arXiv},
arxivId = {Bajado el 4 de agosto de 2010},
author = {IPCC},
booktitle = {Contribuci{\'{o}}n de los Grupos de trabajo I,II y III al Quinto Informe de Evaluaci{\'{o}}n del Grupo Intergubernamental de Expertos sobre el Cambio Clim{\'{a}}tico},
eprint = {Bajado el 4 de agosto de 2010},
file = {:Volumes/HDD/share/OneDrive/Synchro/trabajo/biblioteca/00{\_}mendeley/IPCC{\_}2014{\_}Cambio clim{\'{a}}tico 2014 Informe de S{\'{i}}ntesis.pdf:pdf},
isbn = {978-92-9169-343-6},
pages = {157},
title = {{Cambio clim{\'{a}}tico 2014: Informe de S{\'{i}}ntesis}},
year = {2014}
}

@article{Sarna2016,
abstract = {A new method for continuous observation of aerosol-cloud interactions with ground-based remote sensing instruments is presented. The main goal of this method is to enable the monitoring of the change of the cloud droplet size due to the change in the aerosol concentration. We use high-resolution measurements from a lidar, a radar and a radiometer, which allow us to collect and compare data continuously. This method is based on a standardised data format from Cloudnet and can be implemented at any observatory where the Cloudnet data set is available. Two example case studies were chosen from the Atmospheric Radiation Measurement (ARM) Program deployment on Graciosa Island, Azores, Portugal, in 2009 to present the method. We use the cloud droplet effective radius (re) to represent cloud microphysical properties and an integrated value of the attenuated backscatter coefficient (ATB) below the cloud to represent the aerosol concentration. All data from each case study are divided into bins of the liquid water path (LWP), each 10 g m-2 wide. For every LWP bin we present the correlation coefficient between ln re and ln ATB, as well as ACIr (defined as ACIr = -d ln re/d ln ATB, change in cloud droplet effective radius with aerosol concentration). Obtained values of ACIr are in the range 0.01-0.1. We show that ground-based remote sensing instruments used in synergy can efficiently and continuously monitor aerosol-cloud interactions.},
author = {Sarna, Karolina and Russchenberg, Herman W.J.},
doi = {10.5194/amt-9-1039-2016},
file = {:Volumes/HDD/share/OneDrive/Synchro/trabajo/biblioteca/00{\_}mendeley/Sarna, Russchenberg{\_}2016{\_}Ground-based remote sensing scheme for monitoring aerosol-cloud interactions.pdf:pdf},
issn = {18678548},
journal = {Atmospheric Measurement Techniques},
mendeley-groups = {ACI},
number = {3},
pages = {1039--1050},
title = {{Ground-based remote sensing scheme for monitoring aerosol-cloud interactions}},
volume = {9},
year = {2016}
}

